<record><leader>00000cas a2200000 i 4500</leader><controlfield tag="001">959922556</controlfield><controlfield tag="008">161005c20169999mnuwr ne      |   a0eng  </controlfield><datafield ind1=" " ind2=" " tag="010"><subfield code="a">  2016202644</subfield></datafield><datafield ind1=" " ind2=" " tag="040"><subfield code="a">MHS</subfield><subfield code="b">eng</subfield><subfield code="e">rda</subfield><subfield code="c">MHS</subfield><subfield code="d">DLC</subfield><subfield code="d">OCLCF</subfield></datafield><datafield ind1=" " ind2=" " tag="012"><subfield code="m">1</subfield></datafield><datafield ind1="0" ind2=" " tag="022"><subfield code="a">2474-8862</subfield><subfield code="2">1</subfield></datafield><datafield ind1=" " ind2=" " tag="032"><subfield code="a">413000</subfield><subfield code="b">USPS</subfield></datafield><datafield ind1=" " ind2=" " tag="037"><subfield code="b">ECM Publishers, 4095 Coon Rapids Blvd NW, Minneapolis, MN 55433</subfield></datafield><datafield ind1=" " ind2=" " tag="042"><subfield code="a">pcc</subfield><subfield code="a">nsdp</subfield></datafield><datafield ind1=" " ind2=" " tag="043"><subfield code="a">n-us-mn</subfield></datafield><datafield ind1="1" ind2="0" tag="050"><subfield code="a">ISSN RECORD</subfield></datafield><datafield ind1=" " ind2=" " tag="052"><subfield code="a">4144</subfield><subfield code="b">O8</subfield><subfield code="b">M32</subfield><subfield code="b">C46</subfield><subfield code="b">D25</subfield></datafield><datafield ind1=" " ind2=" " tag="052"><subfield code="a">4143</subfield><subfield code="b">H4</subfield><subfield code="b">W9</subfield></datafield><datafield ind1="1" ind2="0" tag="082"><subfield code="a">070</subfield><subfield code="2">23</subfield></datafield><datafield ind1="0" ind2=" " tag="130"><subfield code="a">Press (Osseo, Minn.)</subfield></datafield><datafield ind1=" " ind2="0" tag="222"><subfield code="a">Press</subfield><subfield code="b">(Osseo, Minn.)</subfield></datafield><datafield ind1="1" ind2="0" tag="245"><subfield code="a">Press.</subfield></datafield><datafield ind1="1" ind2=" " tag="246"><subfield code="a">Maple Grove &amp; Osseo press Champlin &amp; Dayton</subfield></datafield><datafield ind1="1" ind2=" " tag="246"><subfield code="a">Maple Grove &amp; Osseo, Champlin &amp; Dayton press</subfield></datafield><datafield ind1=" " ind2="1" tag="264"><subfield code="a">Osseo, MN :</subfield><subfield code="b">Sun Press Newspapers,</subfield><subfield code="c">2016-</subfield></datafield><datafield ind1=" " ind2=" " tag="300"><subfield code="a">volumes</subfield></datafield><datafield ind1=" " ind2=" " tag="310"><subfield code="a">Weekly</subfield></datafield><datafield ind1=" " ind2=" " tag="336"><subfield code="a">text</subfield><subfield code="2">rdacontent</subfield></datafield><datafield ind1=" " ind2=" " tag="337"><subfield code="a">unmediated</subfield><subfield code="2">rdamedia</subfield></datafield><datafield ind1=" " ind2=" " tag="338"><subfield code="a">volume</subfield><subfield code="2">rdacarrier</subfield></datafield><datafield ind1="1" ind2=" " tag="362"><subfield code="a">Began with: Vol. 93, no. 101 (September 29, 2016).</subfield></datafield><datafield ind1=" " ind2=" " tag="500"><subfield code="a">"Maple Grove &amp; Osseo, Champlin &amp; Dayton."</subfield></datafield><datafield ind1=" " ind2=" " tag="580"><subfield code="a">Formed by the union of: Osseo Maple Grove press, and: Champlin-Dayton press.</subfield></datafield><datafield ind1=" " ind2=" " tag="588"><subfield code="a">Description based on: Vol. 94, no. 5 (October 27, 2016); title from caption (surrogate).</subfield></datafield><datafield ind1=" " ind2=" " tag="588"><subfield code="a">Latest issue consulted: Vol. 94, no. 5 (October 27, 2016) (surrogate).</subfield></datafield><datafield ind1=" " ind2="0" tag="651"><subfield code="a">Osseo (Minn.)</subfield><subfield code="v">Newspapers.</subfield></datafield><datafield ind1=" " ind2="0" tag="651"><subfield code="a">Maple Grove (Minn.)</subfield><subfield code="v">Newspapers.</subfield></datafield><datafield ind1=" " ind2="0" tag="651"><subfield code="a">Champlin (Minn.)</subfield><subfield code="v">Newspapers.</subfield></datafield><datafield ind1=" " ind2="0" tag="651"><subfield code="a">Dayton (Minn.)</subfield><subfield code="v">Newspapers.</subfield></datafield><datafield ind1=" " ind2="0" tag="651"><subfield code="a">Hennepin County (Minn.)</subfield><subfield code="v">Newspapers.</subfield></datafield><datafield ind1=" " ind2="7" tag="655"><subfield code="a">Newspapers.</subfield><subfield code="2">fast</subfield><subfield code="0">(OCoLC)fst01423814</subfield></datafield><datafield ind1=" " ind2="7" tag="651"><subfield code="a">Minnesota</subfield><subfield code="z">Champlin.</subfield><subfield code="2">fast</subfield><subfield code="0">(OCoLC)fst01206934</subfield></datafield><datafield ind1=" " ind2="7" tag="651"><subfield code="a">Minnesota</subfield><subfield code="z">Dayton.</subfield><subfield code="2">fast</subfield><subfield code="0">(OCoLC)fst01223705</subfield></datafield><datafield ind1=" " ind2="7" tag="651"><subfield code="a">Minnesota</subfield><subfield code="z">Hennepin County.</subfield><subfield code="2">fast</subfield><subfield code="0">(OCoLC)fst01213354</subfield></datafield><datafield ind1=" " ind2="7" tag="651"><subfield code="a">Minnesota</subfield><subfield code="z">Maple Grove.</subfield><subfield code="2">fast</subfield><subfield code="0">(OCoLC)fst01220149</subfield></datafield><datafield ind1=" " ind2="7" tag="651"><subfield code="a">Minnesota</subfield><subfield code="z">Osseo.</subfield><subfield code="2">fast</subfield><subfield code="0">(OCoLC)fst01220216</subfield></datafield><datafield ind1=" " ind2=" " tag="752"><subfield code="a">United States</subfield><subfield code="b">Minnesota</subfield><subfield code="c">Hennepin</subfield><subfield code="d">Osseo.</subfield></datafield><datafield ind1="1" ind2="4" tag="780"><subfield code="t">Osseo Maple Grove press</subfield><subfield code="w">(DLC)sn 90060241</subfield><subfield code="w">(OCoLC)22237178</subfield></datafield><datafield ind1="1" ind2="4" tag="780"><subfield code="t">Champlin-Dayton press</subfield><subfield code="w">(DLC)sn 90060242</subfield><subfield code="w">(OCoLC)2251584</subfield></datafield></record>